@inproceedings{MuJoCo,
  title={Mujoco: A physics engine for model-based control.},
  author={Todorov, Emanuel and Erez, Tom and Tassa, Yuva},
  booktitle={Intelligent Robots and Systems (IROS), 2012 IEEE/RSJ International Conference},
  pages={5026-5033},
  year={2012}
}

@article{ddpg,
  title={Continuous control with deep reinforcement learning},
  author={Timothy P Lillicrap and Jonathan J Hunt and Alexander Pritzel and Nicolas Heess and Tom Erez and Yuval Tassaa and David Silver and Daan Wierstra},
  journal={arXiv preprint arXiv:1509.02971v5},
  year={2016}
}

@article{mnih2013playing,
  title={Playing atari with deep reinforcement learning},
  author={Mnih, Volodymyr and Kavukcuoglu, Koray and Silver, David and Graves, Alex and Antonoglou, Ioannis and Wierstra, Daan and Riedmiller, Martin},
  journal={arXiv preprint arXiv:1312.5602},
  year={2013}
}

@inproceedings{silver2014deterministic,
  title={Deterministic policy gradient algorithms},
  author={Silver, David and Lever, Guy and Heess, Nicolas and Degris, Thomas and Wierstra, Daan and Riedmiller, Martin},
  booktitle={ICML},
  year={2014}
}

@article{ornstein-uhlenbeck,
  title={On the Theory of the Brownian Motion},
  author={Uhlenbeck, George E and Ornstein, Leonard S},
  journal={Physical review, 36(5):823},
  year={1930}
}

@article{batch-norm,
  title={Batch normalization: Accelerating deep network training by reducing internal covariate shift},
  author={S Ioffe, C Szegedy},
  journal={arXiv preprint arXiv:1502.03167},
  year={2015}
}

@inproceedings{van2016deep,
  title={Deep Reinforcement Learning with Double Q-Learning.},
  author={Van Hasselt, Hado and Guez, Arthur and Silver, David},
  booktitle={AAAI},
  volume={16},
  pages={2094--2100},
  year={2016}
}

@article{wang2015dueling,
  title={Dueling network architectures for deep reinforcement learning},
  author={Wang, Ziyu and Schaul, Tom and Hessel, Matteo and Van Hasselt, Hado and Lanctot, Marc and De Freitas, Nando},
  journal={arXiv preprint arXiv:1511.06581},
  year={2015}
}

@article{TRPO,
  title={Trust Region Policy Optimization},
  author={John Schulman. and Sergey Levine and Philipp Moritz and Michael I Jordan and Pieter Abbeel},
  journal={arXiv preprint arXiv:1502.05477},
  year={2015}
}

@misc{LectureActor-critic,
  title={Actor-critic methods},
  author={Milica Gasic},
  note={Universit√© de Cambridge},
  howpublished={\url{http://mi.eng.cam.ac.uk/~mg436/LectureSlides/MLSALT7/L5.pdf}}
}